%%%%%%%%%%%%%%%%%%%%%%%%%%%%%%%%%%%
% Note:
%  -- see literature/literature.pdf for a short summaries of each paper
%%%%%%%%%%%%%%%%%%%%%%%%%%%%%%%%%%%%%%%%%%%%%%%%%%%%%%%%%%%%%%%%%%%%%%


%%%%%%%%%%%%%%%%%%%%%%%%%%%%%%%%%%%
% 1) The General Linear Model
%%%%%%%%%%%%%%%%%%%%%%%%%%%%%%%%%%%%
@article{cronbach1957two,
  title={The two disciplines of scientific psychology.},
  author={Cronbach, Lee J},
  journal={American psychologist},
  volume={12},
  number={11},
  pages={671},
  year={1957},
  publisher={American Psychological Association}
}

@article{cohen1968multiple,
  title={Multiple regression as a general data-analytic system.},
  author={Cohen, Jacob},
  journal={Psychological Bulletin},
  volume={70},
  number={6p1},
  pages={426},
  year={1968},
  publisher={American Psychological Association}
}

@book{kery2010introduction,
  title={Introduction to {WinBUGS} for ecologists: {Bayesian} approach to regression, {ANOVA}, mixed models and related analyses},
  author={K{\'e}ry, Marc},
  year={2010},
  publisher={Academic Press}
}

@article{poline2012general,
  title={The {General} {Linear} {Model} and {fMRI}: does love last forever?},
  author={Poline, Jean-Baptiste and Brett, Matthew},
  journal={Neuroimage},
  volume={62},
  number={2},
  pages={871--880},
  year={2012},
  publisher={Elsevier}
}

@article{monti2011statistical,
  title={Statistical analysis of {fMRI} time-series: a critical review of the {GLM} approach},
  author={Monti, Martin M},
  journal={Frontiers in human neuroscience},
  volume={5},
  number={article 28},
  year={2011},
  publisher={Frontiers Research Foundation}
}



%%%%%%%%%%%%%%%%%%%%%%%%%%%%%%%%%%%
% 2) Deficits in Frequentist Statistics
%%%%%%%%%%%%%%%%%%%%%%%%%%%%%%%%%%%%
@article{bakan1966test,
  title={The test of significance in psychological research.},
  author={Bakan, David},
  journal={Psychological bulletin},
  volume={66},
  number={6},
  pages={423},
  year={1966},
  publisher={American Psychological Association}
}

@article{royall1986effect,
  title={The effect of sample size on the meaning of significance tests},
  author={Royall, Richard M},
  journal={The American Statistician},
  volume={40},
  number={4},
  pages={313--315},
  year={1986},
  publisher={Taylor \& Francis}
}

@article{cohen1994earth,
  title={The earth is round (p < .05)},
  author={Cohen, Jacob},
  journal={American Psychologist},
  volume={49},
  number={12},
  pages={997-1003},
  year={1994},
  publisher={American Psychological Association}
}

@article{cohen1994earth2,
  title={The earth is round (p < .05): Rejoinder.},
  author={Cohen, Jacob},
  journal={American Psychologist},
  volume={49},
  number={12},
  pages={1103},
  year={1994},
  publisher={American Psychological Association}
}

@article{loftus1996psychology,
  title={Psychology will be a much better science when we change the way we analyze data},
  author={Loftus, Geoffrey R},
  journal={Current directions in psychological science},
  pages={161--171},
  year={1996},
  publisher={JSTOR}
}

@article{nickerson2000null,
  title={Null hypothesis significance testing: a review of an old and continuing controversy.},
  author={Nickerson, Raymond S},
  journal={Psychological methods},
  volume={5},
  number={2},
  pages={241},
  year={2000},
  publisher={American Psychological Association}
}

@article{haller2002misinterpretatiogns,
  title={Misinterpretations of significance: A problem students share with their teachers},
  author={Haller, Heiko and Krauss, Stefan},
  journal={Methods of Psychological Research},
  volume={7},
  number={1},
  pages={1--20},
  year={2002}
}

@article{lee2005bayesian,
  title={Bayesian statistical inference in psychology: comment on Trafimow (2003).},
  author={Lee, Michael D and Wagenmakers, E.-J.},
  year={2005},
  publisher={American Psychological Association}
}

@article{wagenmakers2007practical,
  title={A practical solution to the pervasive problems of p values},
  author={Wagenmakers, E.-J.},
  journal={Psychonomic bulletin \& review},
  volume={14},
  number={5},
  pages={779--804},
  year={2007},
  publisher={Springer}
}

@incollection{wagenmakers2008bayesian,
  title={Bayesian versus frequentist inference},
  author={Wagenmakers, E.-J. and Lee, Michael and Lodewyckx, Tom and Iverson, Geoffrey J},
  booktitle={Bayesian evaluation of informative hypotheses},
  pages={181--207},
  year={2008},
  publisher={Springer}
}

@article{hoekstra2014robust,
  title={Robust misinterpretation of confidence intervals},
  author={Hoekstra, Rink and Morey, Richard D and Rouder, Jeffrey N and Wagenmakers, E.-J.},
  journal={Psychonomic bulletin \& review},
  volume={21},
  number={5},
  pages={1157--1164},
  year={2014},
  publisher={Springer}
}

@article{rouder2014fallacy,
  title={The Fallacy of Placing Confidence in Confidence Intervals},
  author={Morey, Richard D and Hoekstra, Rink and Rouder, Jeffrey N and Lee, Michael D and Wagenmakers, E.-J.},
  journal={submitted},
  year={2014},
  publisher= {Elsevier}
}

@article{rouder2014p,
  title={The p <. 05 rule and the hidden costs of the free lunch in inference},
  author={Rouder, Jeffrey N and Morey, Richard D and Verhagen, Josine and Province, Jordan M and Wagenmakers, E.-J.},
  journal={Manuscript under review},
  year={2014}
}

@article{wagenmakers2014power,
  title={A power fallacy},
  author={Wagenmakers, E.-J. and Verhagen, Josine and Ly, Alexander and Bakker, Marjan and Lee, Michael D and Matzke, Dora and Rouder, Jeffrey N and Morey, Richard D},
  journal={Behavior research methods},
  pages={1--5},
  year={2014},
  publisher={Springer}
}





%%%%%%%%%%%%%%%%%%%%%%%%%%%%%%%%%%%
% 2) Bayesian Statistics
%%%%%%%%%%%%%%%%%%%%%%%%%%%%%%%%%%%%
@incollection{wagenmakers2014need,
  title={The need for {Bayesian} hypothesis testing in psychological science},
  author={Wagenmakers, E.-J., and Verhagen, A. J., and Ly, A., and Matzke, D., and Steingroever, H., and Rouder, J. N., and Morey, R. D.J},
  booktitle={Psychological Science Under Scrutiny: Recent Challenges and Proposed Solutions},
  year={in press},
  publisher={John Wiley and Sons}
}

@article{liu2008bayes,
  title={Bayes factors: {Prior} sensitivity and model generalizability},
  author={Liu, Charles C and Aitkin, Murray},
  journal={Journal of Mathematical Psychology},
  volume={52},
  number={6},
  pages={362--375},
  year={2008},
  publisher={Elsevier}
}

@article{rouder2009bayesian,
    title={Bayesian t-tests for accepting and rejecting the null hypothesis},
    author={Rouder, Jeffrey N and Speckman, Paul L and Sun, Dongchu and Morey, Richard D and Iverson, Geoffrey},
    journal={Psychonomic bulletin \& review},
    volume={16},
    number={2},
    pages={225--237},
    year={2009},
    publisher={Springer}
}

@article{wetzels2009quantify,
  title={How to quantify support for and against the null hypothesis: A flexible {WinBUGS} implementation of a default {Bayesian} t test},
  author={Wetzels, Ruud and Raaijmakers, Jeroen GW and Jakab, Em{\"o}ke and Wagenmakers, E.-J.},
  journal={Psychonomic bulletin \& review},
  volume={16},
  number={4},
  pages={752--760},
  year={2009},
  publisher={Springer}
}

@article{vanpaemel2010prior,
  title={Prior sensitivity in theory testing: {An} apologia for the {Bayes} factor},
  author={Vanpaemel, Wolf},
  journal={Journal of Mathematical Psychology},
  volume={54},
  number={6},
  pages={491--498},
  year={2010},
  publisher={Elsevier}
}

@article{morey2011bayes,
  title={Bayes factor approaches for testing interval null hypotheses.},
  author={Morey, Richard D and Rouder, Jeffrey N},
  journal={Psychological methods},
  volume={16},
  number={4},
  pages={406},
  year={2011},
  publisher={American Psychological Association}
}

@article{morey2011using,
  title={Using {MCMC} chain outputs to efficiently estimate {Bayes} factors},
  author={Morey, Richard D and Rouder, Jeffrey N and Pratte, Michael S and Speckman, Paul L},
  journal={Journal of Mathematical Psychology},
  volume={55},
  number={5},
  pages={368--378},
  year={2011},
  publisher={Elsevier}
}

@article{rouder2011bayes,
  title={A {Bayes} factor meta-analysis of {Bem’s} {ESP} claim},
  author={Rouder, Jeffrey N and Morey, Richard D},
  journal={Psychonomic Bulletin \& Review},
  volume={18},
  number={4},
  pages={682--689},
  year={2011},
  publisher={Springer}
}

@article{rouder2012anova,
  title={Default {Bayes} factors for {ANOVA} designs},
  author={Rouder, Jeffrey N and Morey, Richard D and Speckman, Paul L and Province, Jordan M},
  journal={Journal of Mathematical Psychology},
  volume={56},
  number={5},
  pages={356--374},
  year={2012},
  publisher={Elsevier}
}

@article{rouder2012regression,
  title={Default {Bayes} factors for model selection in regression},
  author={Rouder, Jeffrey N and Morey, Richard D},
  journal={Multivariate Behavioral Research},
  volume={47},
  number={6},
  pages={877--903},
  year={2012},
  publisher={Taylor \& Francis}
}

@article{wetzels2012default,
  title={A default {Bayesian} hypothesis test for correlations and partial correlations},
  author={Wetzels, Ruud and Wagenmakers, E.-J.},
  journal={Psychonomic bulletin \& review},
  volume={19},
  number={6},
  pages={1057--1064},
  year={2012},
  publisher={Springer}
}

@article{kruschke2013bayesian,
  title={Bayesian estimation supersedes the t-test.},
  author={Kruschke, John K},
  journal={Journal of Experimental Psychology: General},
  volume={142},
  number={2},
  pages={573},
  year={2013},
  publisher={American Psychological Association}
}

@article{wagenmakers2010bayesian,
  title={Bayesian hypothesis testing for psychologists: {A} tutorial on the {Savage--Dickey} method},
  author={Wagenmakers, E.-J. and Lodewyckx, Tom and Kuriyal, Himanshu and Grasman, Raoul},
  journal={Cognitive psychology},
  volume={60},
  number={3},
  pages={158--189},
  year={2010},
  publisher={Elsevier}
}

@article{wetzels2011statistical,
  title={Statistical evidence in experimental psychology: an empirical comparison using 855 t-tests},
  author={Wetzels, Ruud and Matzke, Dora and Lee, Michael D and Rouder, Jeffrey N and Iverson, Geoffrey J and Wagenmakers, E.-J.},
  journal={Perspectives on Psychological Science},
  volume={6},
  number={3},
  pages={291--298},
  year={2011},
  publisher={Sage Publications}
}

@article{wagenmakers2014paradox,
  title={Another Statistical Paradox},
  author={Wagenmakers, E.-J. and Lee, Michael and Rouder, Jeffrey N and Morey, Richard D},
  journal={submitted},
  year={2014}
}

@article{morey2014bayesfactor,
  title={The philosophy of the {Bayes} factor and the quantification of statistical evidence},
  author={Morey, Rouder D., Romeijn, Jan-Willem and Rouder, Jeffrey N.},
  journal={submitted},
  year={2014}
}

@article{ly2014jeffreys,
  title={Harold {Jeffreys’s} default {Bayes} factor hypothesis tests: {Explanation}, extension, and application in psychology},
  author={Ly, Alexander, and Verhagen, A. J., and Wagenmakers, E.-J.},
  journal={submitted},
  year={2014}
}

@article{wagenmakers2015absence,
  title={How to quantify evidence for the absence of a correlation},
  author={Wagenmakers, E.-J., and Verhagen, A.J., and Ly, Alexander},
  journal={submitted},
  year={2015}
}

@article{vandekerckhove2014model,
  title={Model comparison and the principle of parsimony},
  author={Vandekerckhove, Joachim and Matzke, Dora and Wagenmakers, E.-J.},
  journal={Oxford Handbook of Computational and Mathematical Psychology. Oxford University Press, Oxford},
  year={2014}
}

@article{sanborn2014frequentist,
  title={The frequentist implications of optional stopping on {Bayesian} hypothesis tests},
  author={Sanborn, Adam N and Hills, Thomas T},
  journal={Psychonomic bulletin \& review},
  volume={21},
  number={2},
  pages={283--300},
  year={2014},
  publisher={Springer}
}

@article{rouder2014optional,
  title={Optional stopping: {No} problem for {Bayesians}},
  author={Rouder, Jeffrey N},
  journal={Psychonomic bulletin \& review},
  volume={21},
  number={2},
  pages={301--308},
  year={2014},
  publisher={Springer}
}



%%%%%%%%%%%%%%%%%%%%%%%%%%%%%%%%%%%
% 3) Software for Bayesian Statistics
%%%%%%%%%%%%%%%%%%%%%%%%%%%%%%%%%%%%%%%
@misc{jasp,
  author={Love, J., and Selker, R., and Marsman, M., and Jamil, T., and Verhagen, A. J., and Ly, A., and Gronau, Q. F., and Smira, M., and Epskamp, S., and Matzke, D., and Wild, A., and Rouder, J. N., and Morey, R. D., and Wagenmakers, E.-J.},
  title={{JASP (Version 0.6.5)[Computer Software}]}
}

@misc{bayesfactor,
  author={Morey, Richard},
  year={2015},
  title={BayesFactor: 0.9.11 {CRAN}},
  doi={10.5281/zenodo.16085},
  url={https://zenodo.org/record/16085}
}



%%%%%%%%%%%%%%%%%%%%%%%%%%%%%%%%%%%
% 4) (Low) Power
%%%%%%%%%%%%%%%%%%%%%%%%%%%%%%%%%%%%
@article{cohen1962statistical,
  title={The statistical power of abnormal-social psychological research: {A} review},
  author={Cohen, Jacob},
  journal={Journal of abnormal and social psychology},
  volume={65},
  number={3},
  pages={145--153},
  year={1962}
}

@article{sedlmeier1989studies,
  title={Do studies of statistical power have an effect on the power of studies?},
  author={Sedlmeier, Peter and Gigerenzer, Gerd},
  journal={Psychological Bulletin},
  volume={105},
  number={2},
  pages={309},
  year={1989},
  publisher={American Psychological Association}
}

@article{maxwell2004persistence,
  title={The persistence of underpowered studies in psychological research: causes, consequences, and remedies.},
  author={Maxwell, Scott E},
  journal={Psychological methods},
  volume={9},
  number={2},
  pages={147},
  year={2004},
  publisher={American Psychological Association}
}

@article{button2013power,
  title={Power failure: why small sample size undermines the reliability of neuroscience},
  author={Button, Katherine S and Ioannidis, John PA and Mokrysz, Claire and Nosek, Brian A and Flint, Jonathan and Robinson, Emma SJ and Munaf{\`o}, Marcus R},
  journal={Nature Reviews Neuroscience},
  volume={14},
  number={5},
  pages={365--376},
  year={2013},
  publisher={Nature Publishing Group}
}

@article{fraley2014n,
  title={The {N-pact} factor: {Evaluating} the quality of empirical journals with respect to sample size and statistical power},
  author={Fraley, R Chris and Vazire, Simine},
  journal={PloS one},
  volume={9},
  number={10},
  pages={e109019},
  year={2014},
  publisher={Public Library of Science}
}

@article{yarkoni2009big,
  title={Big correlations in little studies: {Inflated} {fMRI} correlations reflect low statistical power—{Commentary} on {Vul} et al.(2009)},
  author={Yarkoni, Tal},
  journal={Perspectives on Psychological Science},
  volume={4},
  number={3},
  pages={294--298},
  year={2009},
  publisher={SAGE Publications}
}

@article{simmons2011false,
  title={False-positive psychology undisclosed flexibility in data collection and analysis allows presenting anything as significant},
  author={Simmons, Joseph P and Nelson, Leif D and Simonsohn, Uri},
  journal={Psychological science},
  pages={0956797611417632},
  year={2011},
  publisher={Sage Publications}
}

@article{gelman2013garden,
  title={The garden of forking paths: {Why} multiple comparisons can be a problem, even when there is no “fishing expedition” or “p-hacking” and the research hypothesis was posited ahead of time},
  author={Gelman, Andrew and Loken, Eric},
  journal={Downloaded January},
  volume={30},
  pages={2014},
  year={2013}
}

@article{vul2009puzzlingly,
  title={Puzzlingly high correlations in {fMRI} studies of emotion, personality, and social cognition},
  author={Vul, Edward and Harris, Christine and Winkielman, Piotr and Pashler, Harold},
  journal={Perspectives on psychological science},
  volume={4},
  number={3},
  pages={274--290},
  year={2009},
  publisher={SAGE Publications}
}



@article{ioannidis2005most,
  title={Why most published research findings are false},
  author={Ioannidis, John PA},
  journal={PLoS medicine},
  volume={2},
  number={8},
  pages={e124},
  year={2005},
  publisher={Public Library of Science}
}

@article{cumming2001primer,
  title={A primer on the understanding, use, and calculation of confidence intervals that are based on central and noncentral distributions},
  author={Cumming, Geoff and Finch, Sue},
  journal={Educational and Psychological Measurement},
  volume={61},
  number={4},
  pages={532--574},
  year={2001},
  publisher={Sage Publications}
}




%%%%%%%%%%%%%%%%%%%%%%%%%%%%%%%%%%%
% Miscellaneous Papers / Nice Reads
%%%%%%%%%%%%%%%%%%%%%%%%%%%%%%%%%%%%
@article{platt1964strong,
    title={Strong inference},
    author={Platt, John R},
    journal={Science},
    volume={146},
    number={3642},
    pages={347--353},
    year={1964}
}

@article{gigerenzer1993superego,
  title={The superego, the ego, and the id in statistical reasoning},
  author={Gigerenzer, Gerd},
  journal={A handbook for data analysis in the behavioral sciences: Methodological issues},
  year={1993},
  pages={311--339}
}

@article{gigerenzer1998surrogates,
  title={Surrogates for theories},
  author={Gigerenzer, Gerd},
  journal={Theory and Psychology},
  volume={8},
  pages={195--204},
  year={1998},
  publisher={SAGE PUBLICATIONS LTD}
}

@article{berger2003could,
  title={Could {Fisher}, {Jeffreys} and {Neyman} have agreed on testing?},
  author={Berger, James O and others},
  journal={Statistical Science},
  volume={18},
  number={1},
  pages={1--32},
  year={2003},
  publisher={Institute of Mathematical Statistics}
}

@article{lindley2004bayesian,
  title={Bayesian thoughts},
  author={Lindley, Dennis},
  journal={Significance},
  volume={1},
  number={2},
  pages={73--75},
  year={2004},
  publisher={Wiley Online Library}
}

@article{gigerenzer2004mindless,
  title={Mindless statistics},
  author={Gigerenzer, Gerd},
  journal={The Journal of Socio-Economics},
  volume={33},
  number={5},
  pages={587--606},
  year={2004},
  publisher={Elsevier}
}

@article{wagenmakers2011psychologists,
  title={Why psychologists must change the way they analyze their data: the case of psi: comment on {Bem} (2011).},
  author={Wagenmakers, E.-J. and Wetzels, Ruud and Borsboom, Denny and Van Der Maas, Han LJ},
  year={2011},
  publisher={American Psychological Association}
}

@article{simmons2011false,
  title={False-positive psychology undisclosed flexibility in data collection and analysis allows presenting anything as significant},
  author={Simmons, Joseph P and Nelson, Leif D and Simonsohn, Uri},
  journal={Psychological science},
  pages={0956797611417632},
  year={2011},
  publisher={Sage Publications}
}

@article{john2012measuring,
  title={Measuring the prevalence of questionable research practices with incentives for truth telling},
  author={John, Leslie K and Loewenstein, George and Prelec, Drazen},
  journal={Psychological science},
  pages={0956797611430953},
  year={2012},
  publisher={Sage Publications}
}

@article{wagenmakers2012agenda,
  title={An agenda for purely confirmatory research},
  author={Wagenmakers, E.-J. and Wetzels, Ruud and Borsboom, Denny and van der Maas, Han LJ and Kievit, Rogier A},
  journal={Perspectives on Psychological Science},
  volume={7},
  number={6},
  pages={632--638},
  year={2012},
  publisher={Sage Publications}
}

@article{nelson2012let,
  title={Let's publish fewer papers},
  author={Nelson, Leif D and Simmons, Joseph P and Simonsohn, Uri},
  journal={Psychological Inquiry},
  volume={23},
  number={3},
  pages={291--293},
  year={2012},
  publisher={Taylor \& Francis}
}

@article{lakens2014sailing,
  title={Sailing From the Seas of Chaos Into the Corridor of Stability: Practical Recommendations to Increase the Informational Value of Studies},
  author={Lakens, Dani{\"e}l and Evers, Ellen RK},
  journal={Perspectives on Psychological Science},
  volume={9},
  number={3},
  pages={278--292},
  year={2014},
  publisher={Sage Publications}
}

@article{gigerenzer2014surrogate,
  title={Surrogate Science The Idol of a Universal Method for Scientific Inference},
  author={Gigerenzer, Gerd and Marewski, Julian N},
  journal={Journal of Management},
  pages={0149206314547522},
  year={2014},
  publisher={SAGE Publications}
}






%%
%% quoted but not particularly relevant content-wise
%%
@article{bargh2012substitutability,
  title={The substitutability of physical and social warmth in daily life.},
  author={Bargh, John A and Shalev, Idit},
  journal={Emotion},
  volume={12},
  number={1},
  pages={154},
  year={2012},
  publisher={American Psychological Association}
}

@article{donnellan2014association,
  title={On the association between loneliness and bathing habits: {Nine} replications of {Bargh} and {Shalev} (2012) study 1.},
  author={Donnellan, M Brent and Lucas, Richard E and Cesario, Joseph},
  year={2014},
  publisher={American Psychological Association}
}
